<?xml version="1.0" encoding="UTF-8"?><collection xmlns="http://www.loc.gov/MARC21/slim"><record><leader>00466nam--2200169-i-4500</leader><controlfield tag="001">000010754</controlfield><controlfield tag="002">20161230</controlfield><controlfield tag="005">20161230201028</controlfield><controlfield tag="008">060222s1000------------r-----000-0-eng-d</controlfield><datafield ind1=" " ind2=" " tag="040"><subfield code="a">IFIN-HH</subfield></datafield><datafield ind1=" " ind2=" " tag="080"><subfield code="a">539.171.6(047.5)</subfield></datafield><datafield ind1="1" ind2=" " tag="100"><subfield code="a">Brene Niels</subfield></datafield><datafield ind1="1" ind2="0" tag="245"><subfield code="a">Measurement of weak meson form factors in spacelike region</subfield><subfield code="c">Niels brene</subfield></datafield><datafield ind1=" " ind2=" " tag="260"><subfield code="a">Copenhagen</subfield><subfield code="b">University</subfield><subfield code="c">1973</subfield></datafield><datafield ind1=" " ind2=" " tag="300"><subfield code="a">16 P. + 10 FIG</subfield></datafield><datafield ind1=" " ind2=" " tag="852"><subfield code="a">39391</subfield><subfield code="c">539.17</subfield></datafield><datafield ind1=" " ind2=" " tag="CAT"><subfield code="a">Sys</subfield><subfield code="c">20120611</subfield><subfield code="h">110622</subfield></datafield></record></collection>